
    <zs:record>
      <zs:recordPacking>xml</zs:recordPacking>
      <zs:recordData>
        <record xmlns="http://www.loc.gov/MARC21/slim">
          <leader>00483nz a2200121 4500</leader>
          <controlfield tag="001">30004564</controlfield>
          <controlfield tag="003">RISM</controlfield>
          <controlfield tag="005">20121108</controlfield>
          <controlfield tag="008">121108n||az|||||||##########||||||||||||</controlfield>
          <datafield tag="043" ind1=" " ind2=" ">
            <subfield code="c">Macedonia, the Former Yugoslav Republic of</subfield>
          </datafield>
          <datafield tag="110" ind1="2" ind2=" ">
            <subfield code="a">Narodna i univerzitetska biblioteka "Kliment Ohridski"</subfield>
            <subfield code="c">Skopje</subfield>
            <subfield code="g">MK-SKu</subfield>
          </datafield>
          <datafield tag="410" ind1="2" ind2=" ">
            <subfield code="a">National and University Library "Clement of Ohrid"</subfield>
          </datafield>
          <datafield tag="622" ind1=" " ind2=" ">
            <subfield code="e">Narodna i univerzitetska biblioteka, "Kliment Ohridski", Bulevar Goce Delčev, 91000
              Skopje, Republic of Macedonia</subfield>
          </datafield>
          <idzebra xmlns="http://www.indexdata.dk/zebra/">
            <size>483</size>
            <score>816</score>
            <localnumber>830485</localnumber>
            <filename>sigla/sigla.mrc</filename>
          </idzebra>
        </record>
      </zs:recordData>
      <zs:recordPosition>2</zs:recordPosition>
    </zs:record>