
    <zs:record>
      <zs:recordPacking>xml</zs:recordPacking>
      <zs:recordData>
        <record xmlns="http://www.loc.gov/MARC21/slim">
          <leader>00385nz a2200121 4500</leader>
          <controlfield tag="001">30004563</controlfield>
          <controlfield tag="003">RISM</controlfield>
          <controlfield tag="005">20121108</controlfield>
          <controlfield tag="008">121108n||az|||||||##########||||||||||||</controlfield>
          <datafield tag="043" ind1=" " ind2=" ">
            <subfield code="c">Macedonia, the Former Yugoslav Republic of</subfield>
          </datafield>
          <datafield tag="110" ind1="2" ind2=" ">
            <subfield code="a">Visoka muzička škola</subfield>
            <subfield code="c">Skopje</subfield>
            <subfield code="g">MK-SKm</subfield>
          </datafield>
          <datafield tag="410" ind1="2" ind2=" ">
            <subfield code="a">High School of Music</subfield>
          </datafield>
          <datafield tag="622" ind1=" " ind2=" ">
            <subfield code="e">Visoka muzička škola, Nas. Karpoš II bb, 91000 Skopje, Republic of Macedonia</subfield>
          </datafield>
          <idzebra xmlns="http://www.indexdata.dk/zebra/">
            <size>385</size>
            <score>816</score>
            <localnumber>833262</localnumber>
            <filename>sigla/sigla.mrc</filename>
          </idzebra>
        </record>
      </zs:recordData>
      <zs:recordPosition>6</zs:recordPosition>
    </zs:record>
  </zs:records>
</zs:searchRetrieveResponse>
